@article{123,
   author={Arrow, Kenneth J. and Leonid Hurwicz and Hirofumi Uzawa},
   title={Constraint qualifications in maximization problems},
   journal={Naval Research Logistics Quarterly},
   volume={8},
   year=1961,
   pages={175-191}
}

@book{abc,
   author = {Charalambos D. Aliprantis and Kim C. Border},
   year = {1994},
   title = {Infinite Dimensional Analysis},
   publisher = {Springer},
   address = {Berlin}
}

@article{ongari2017accurate,
  title={Accurate characterization of the pore volume in microporous crystalline materials},
  author={Ongari, Daniele and Boyd, Peter G and Barthel, Senja and Witman, Matthew and Haranczyk, Maciej and Smit, Berend},
  journal={Langmuir},
  volume={33},
  number={51},
  pages={14529--14538},
  year={2017},
  publisher={ACS Publications}
}

@article{ongari2017accurate,
  title={Accurate characterization of the pore volume in microporous crystalline materials},
  author={Ongari, Daniele and Boyd, Peter G and Barthel, Senja and Witman, Matthew and Haranczyk, Maciej and Smit, Berend},
  journal={Langmuir},
  volume={33},
  number={51},
  pages={14529--14538},
  year={2017},
  publisher={ACS Publications}
}

@article{fernandez2013atomic,
  title={Atomic property weighted radial distribution functions descriptors of metal--organic frameworks for the prediction of gas uptake capacity},
  author={Fernandez, Michael and Trefiak, Nicholas R and Woo, Tom K},
  journal={The Journal of Physical Chemistry C},
  volume={117},
  number={27},
  pages={14095--14105},
  year={2013},
  publisher={ACS Publications}
}

@article{sendek2017holistic,
  title={Holistic computational structure screening of more than 12000 candidates for solid lithium-ion conductor materials},
  author={Sendek, Austin D and Yang, Qian and Cubuk, Ekin D and Duerloo, Karel-Alexander N and Cui, Yi and Reed, Evan J},
  journal={Energy \& Environmental Science},
  volume={10},
  number={1},
  pages={306--320},
  year={2017},
  publisher={Royal Society of Chemistry}
}

@misc{mitchell1997machine,
  title={Machine learning},
  author={Mitchell, Tom M},
  year={1997},
  publisher={McGraw hill}
}